<record xmlns="http://www.loc.gov/MARC21/slim" xmlns:xsi="http://www.w3.org/2001/XMLSchema-instance" xsi:schemaLocation="http://www.loc.gov/MARC21/slim http://www.loc.gov/standards/marcxml/schema/MARC21slim.xsd">

  <leader>00510nam a2200157Ia 4500</leader>
  <controlfield tag="008">150723b2002    U  ||||| |||| 00| | E   d</controlfield>
  <datafield ind2=" " tag="020" ind1=" ">
    <subfield code="a">0873678346</subfield>
  </datafield>
  <datafield ind2=" " tag="090" ind1=" ">
    <subfield code="a">06.03.04 </subfield>
    <subfield code="b">418</subfield>
  </datafield>
  <datafield ind1="1" tag="245" ind2="0">
    <subfield code="a">Environmental education : a resource handbook / </subfield>
    <subfield code="c">Joe E. Heimlich, compilador</subfield>
  </datafield>
  <datafield ind2=" " tag="260" ind1=" ">
    <subfield code="a">Estados Unidos : </subfield>
    <subfield code="b">Phi Delta Kappa EducationalFoundation, </subfield>
    <subfield code="c">2002</subfield>
  </datafield>
  <datafield tag="300" ind2=" " ind1=" ">
    <subfield code="a">202 páginas</subfield>
  </datafield>
  <datafield ind1="1" tag="650" ind2="4">
    <subfield code="a">EDUCACIÓN AMBIENTAL </subfield>
    <subfield code="9">439</subfield>
  </datafield>
  <datafield ind2="4" tag="650" ind1="1">
    <subfield code="a">MANUALES </subfield>
    <subfield code="9">426</subfield>
  </datafield>
  <datafield ind2=" " tag="700" ind1=" ">
    <subfield code="a">Heimlich, Joe E.</subfield>
    <subfield code="9">440</subfield>
    <subfield code="e">compilador</subfield>
  </datafield>
  <datafield tag="942" ind2=" " ind1=" ">
    <subfield code="2">z</subfield>
    <subfield code="c">01</subfield>
  </datafield>
  <datafield ind1=" " tag="999" ind2=" ">
    <subfield code="c">79</subfield>
    <subfield code="d">79</subfield>
  </datafield>
</record>